<?xml version="1.0" encoding="UTF-8"?><collection xmlns="http://www.loc.gov/MARC21/slim"><record><leader>00510nam--2200169-u-4500</leader><controlfield tag="001">000050820</controlfield><controlfield tag="002">20161230</controlfield><controlfield tag="005">20161230201048</controlfield><controlfield tag="008">080410s1000------------r-----000-0-eng-d</controlfield><datafield ind1=" " ind2=" " tag="040"><subfield code="a">IFIN-HH</subfield></datafield><datafield ind1="1" ind2=" " tag="100"><subfield code="a">Hermann, R</subfield></datafield><datafield ind1="1" ind2=" " tag="245"><subfield code="a">Topics in the Mathematics of Quantum Mechanics</subfield></datafield><datafield ind1=" " ind2=" " tag="260"><subfield code="a">New Brunswick</subfield><subfield code="b">Rutgers University</subfield><subfield code="c">1973</subfield></datafield><datafield ind1=" " ind2=" " tag="300"><subfield code="a">p. dif</subfield></datafield><datafield ind1=" " ind2=" " tag="490"><subfield code="a">Topics in the Mathematics of Quantum Mechanics . Interdisciplinary Mathematics</subfield><subfield code="v">vol. VI</subfield></datafield><datafield ind1=" " ind2=" " tag="852"><subfield code="a">42776</subfield><subfield code="c">51</subfield></datafield><datafield ind1=" " ind2=" " tag="CAT"><subfield code="a">Sys</subfield><subfield code="c">20080410</subfield><subfield code="h">100146</subfield></datafield></record></collection>